<?xml version="1.0" encoding="UTF-8"?><collection xmlns="http://www.loc.gov/MARC21/slim"><record><leader>00455nam--2200169-i-4500</leader><controlfield tag="001">000011959</controlfield><controlfield tag="002">20161230</controlfield><controlfield tag="005">20161230201029</controlfield><controlfield tag="008">060222s1000------------r-----000-0-fre-d</controlfield><datafield ind1=" " ind2=" " tag="040"><subfield code="a">IFIN-HH</subfield></datafield><datafield ind1=" " ind2=" " tag="041"><subfield code="a">fre</subfield></datafield><datafield ind1=" " ind2=" " tag="100"><subfield code="a">Diatchenko, V</subfield></datafield><datafield ind1=" " ind2=" " tag="245"><subfield code="a">Notions fondamentales du calcul numerique traduit du ruse par a.sokova</subfield><subfield code="c">V. Diatchenko</subfield></datafield><datafield ind1=" " ind2=" " tag="260"><subfield code="a">Moscou, Edition Mir, 1975</subfield></datafield><datafield ind1=" " ind2=" " tag="300"><subfield code="a">152P</subfield></datafield><datafield ind1=" " ind2=" " tag="852"><subfield code="a">44308</subfield><subfield code="c">518.2</subfield></datafield><datafield ind1=" " ind2=" " tag="CAT"><subfield code="a">Sys</subfield><subfield code="c">20100319</subfield><subfield code="h">082744</subfield></datafield></record></collection>